@article{yang2016simultaneous,
	title={Simultaneous estimation of velocity and density in acoustic multiparameter full-waveform inversion using an improved scattering-integral approach},
	author={Yang, Jizhong and Liu, Yuzhu and Dong, Liangguo},
	journal={Geophysics},
	volume={81},
	number={6},
	pages={R399--R415},
	year={2016},
	publisher={Society of Exploration Geophysicists}
}

@article{claerbout1985,
	author = {Nolet, G.},
	title = {Imaging the Earth's Interior},
	journal = {Geophysical Journal International},
	volume = {86},
	number = {1},
	pages = {217-219},
	year = {1986},
	month = {07},
	issn = {0956-540X},
	doi = {10.1111/j.1365-246X.1986.tb01086.x},
	url = {https://doi.org/10.1111/j.1365-246X.1986.tb01086.x},
	eprint = {https://academic.oup.com/gji/article-pdf/86/1/217/1781688/86-1-217.pdf},
}

@inproceedings{swiatek,
	author = {Swiatek, Anna and Kurzmann, A. and Köhn, Daniel and Bohlen, Thomas},
	year = {2012},
	month = {01},
	pages = {},
	title = {The role of density in acoustic full waveform inversion of marine reflection seismics}
}

@article{10.1093/gji/ggx076,
	author = {Blom, Nienke and Boehm, Christian and Fichtner, Andreas},
	title = {Synthetic inversions for density using seismic and gravity data},
	journal = {Geophysical Journal International},
	volume = {209},
	number = {2},
	pages = {1204-1220},
	year = {2017},
	month = {03},
	issn = {0956-540X},
	doi = {10.1093/gji/ggx076},
	url = {https://doi.org/10.1093/gji/ggx076},
	eprint = {https://academic.oup.com/gji/article-pdf/209/2/1204/17640192/ggx076.pdf}
}


@article{plonka,
	author = {Płonka, Agnieszka and Blom, Nienke and Fichtner, Andreas},
	year = {2016},
	month = {05},
	pages = {1-28},
	title = {The imprint of crustal density heterogeneities on regional seismic wave propagation},
	journal = {Solid Earth Discussions},
	doi = {10.5194/se-2016-71}
}

@article{robertsson2002rough,
	title={Rough-sea deghosting using a single streamer and a pressure gradient approximation},
	author={Robertsson, Johan OA and Kragh, Ed},
	journal={Geophysics},
	volume={67},
	number={6},
	pages={2005--2011},
	year={2002},
	publisher={Society of Exploration Geophysicists}
}

@article{amundsen2005rough,
	title={Rough-sea deghosting of streamer seismic data using pressure gradient approximations},
	author={Amundsen, Lasse and R{\o}sten, Tage and Robertsson, Johan OA and Kragh, Ed},
	journal={Geophysics},
	volume={70},
	number={1},
	pages={V1--V9},
	year={2005},
	publisher={Society of Exploration Geophysicists}
}

@inproceedings{edme2019wavefield,
	title={Wavefield divergence via hydrophone measurement on land.},
	author={Edme, Pascal and Muyzert, Everhard and Goujon, Nicolas and Allouche, Nihed and Kragh, Ed},
	booktitle={Geophysical Research Abstracts},
	volume={21},
	year={2019}
}

@article{edme2018seismic,
	title={Seismic wavefield divergence at the free surface},
	author={Edme, Pascal and Muyzert, Everhard and Goujon, Nicolas and El Allouche, Nihed and Kragh, Ed},
	journal={First Break},
	volume={36},
	number={12},
	pages={75--82},
	year={2018},
	publisher={European Association of Geoscientists \& Engineers}
}

@article{curtis2002volumetric,
	title={Volumetric wavefield recording and wave equation inversion for near-surface material properties},
	author={Curtis, Andrew and Robertsson, Johan OA},
	journal={Geophysics},
	volume={67},
	number={5},
	pages={1602--1611},
	year={2002},
	publisher={Society of Exploration Geophysicists}
}

@article{rob2002WFseparation,
	author = {Robertsson, Johan and Curtis, Andrew},
	year = {2002},
	month = {09},
	pages = {},
	title = {Wavefield separation using densely deployed three-component single-sensor groups in land surface-seismic recordings},
	volume = {67},
	journal = {Geophysics},
	doi = {10.1190/1.1512809}
}

@article{muijs2003near,
	title={Near-surface seismic properties for elastic wavefield decomposition: Estimates based on multicomponent land and seabed recordings},
	author={Muijs, Remco and Robertsson, OA Johan and Curtis, Andrew and Holliger, Klaus},
	journal={Geophysics},
	volume={68},
	number={6},
	pages={2073--2081},
	year={2003},
	publisher={Society of Exploration Geophysicists}
}

@article{muijs2002perturbation,
	title={Perturbation analysis of an explicit wavefield separation scheme for P-and S-waves},
	author={Muijs, Remco and Holliger, Klaus and Robertsson, Johan OA},
	journal={Geophysics},
	volume={67},
	number={6},
	pages={1972--1982},
	year={2002},
	publisher={Society of Exploration Geophysicists}
}

@article{vossen2004propagator,
	title={Propagator and wave-equation inversion for near-receiver material properties},
	author={Vossen, R van and Trampert, J and Curtis, A},
	journal={Geophysical Journal International},
	volume={157},
	number={2},
	pages={796--812},
	year={2004},
	publisher={Blackwell Publishing Ltd Oxford, UK}
}

@book{shearer2019introduction,
	title={Introduction to seismology},
	author={Shearer, Peter M},
	year={2019},
	publisher={Cambridge university press}
}

@article{RITZWOLLER2011558,
	title = {Ambient noise tomography with a large seismic array},
	journal = {Comptes Rendus Geoscience},
	volume = {343},
	number = {8},
	pages = {558-570},
	year = {2011},
	note = {Nouveaux d{\'e}veloppements de l'imagerie et du suivi temporel {\'a} partir du bruit sismique},
	issn = {1631-0713},
	doi = {https://doi.org/10.1016/j.crte.2011.03.007},
	url = {https://www.sciencedirect.com/science/article/pii/S1631071311000988},
	author = {Michael H. Ritzwoller and Fan-Chi Lin and Weisen Shen}
}

@article{parsekian2015multiscale,
	title={Multiscale geophysical imaging of the critical zone},
	author={Parsekian, AD and Singha, Kamini and Minsley, Burke J and Holbrook, W Steven and Slater, Lee},
	journal={Reviews of Geophysics},
	volume={53},
	number={1},
	pages={1--26},
	year={2015},
	publisher={Wiley Online Library}
}

@article{Langston2,
	author = {Langston, Charles A.},
	title = {Wave Gradiometry in Two Dimensions},
	journal = {Bulletin of the Seismological Society of America},
	volume = {97},
	number = {2},
	pages = {401-416},
	year = {2007},
	month = {04},
	issn = {0037-1106},
	doi = {10.1785/0120060138},
	url = {https://doi.org/10.1785/0120060138},
	eprint = {https://pubs.geoscienceworld.org/ssa/bssa/article-pdf/97/2/401/2730869/401\_972\_06138.pdf}
}


@article{Langston1,
	author = {Langston, Charles A.},
	title = {Spatial Gradient Analysis for Linear Seismic Arrays},
	journal = {Bulletin of the Seismological Society of America},
	volume = {97},
	number = {1B},
	pages = {265-280},
	year = {2007},
	month = {02},
	issn = {0037-1106},
	doi = {10.1785/0120060100},
	url = {https://doi.org/10.1785/0120060100},
	eprint = {https://pubs.geoscienceworld.org/ssa/bssa/article-pdf/97/1B/265/2732627/265\_971B\_06100.pdf}
}

@article{Langston3,
	author = {Langston, Charles A.},
	title = {Wave Gradiometry in the Time Domain},
	journal = {Bulletin of the Seismological Society of America},
	volume = {97},
	number = {3},
	pages = {926-933},
	year = {2007},
	issn = {0037-1106},
	doi = {10.1785/0120060152},
	url = {https://doi.org/10.1785/0120060152},
	eprint = {https://pubs.geoscienceworld.org/ssa/bssa/article-pdf/97/3/926/2732806/926\_973\_06152.pdf}
}

@article{de2015near,
	title={Near-surface Scholte wave velocities at Ekofisk from short noise recordings by seismic noise gradiometry},
	author={De Ridder, SAL and Biondi, BL},
	journal={Geophysical Research Letters},
	volume={42},
	number={17},
	pages={7031--7038},
	year={2015},
	publisher={Wiley Online Library}
}

@article{cao2020near,
	title={Near-real-time near-surface 3D seismic velocity and uncertainty models by wavefield gradiometry and neural network inversion of ambient seismic noise},
	author={Cao, Ruikun and Earp, Stephanie and de Ridder, Sjoerd AL and Curtis, Andrew and Galetti, Erica},
	journal={Geophysics},
	volume={85},
	number={1},
	pages={KS13--KS27},
	year={2020},
	publisher={Society of Exploration Geophysicists}
}

@inproceedings{Geiger2003FiniteDM,
	title={Finite difference modelling of the full acoustic wave equation in Matlab},
	author={Hugh D. Geiger and Patrick F. Daley},
	year={2003}
}

@article{liszka1980finite,
	title={The finite difference method at arbitrary irregular grids and its application in applied mechanics},
	author={Liszka, Tadeusz and Orkisz, Janusz},
	journal={Computers \& Structures},
	volume={11},
	number={1-2},
	pages={83--95},
	year={1980},
	publisher={Elsevier}
}


@article{huiskamp1991difference,
	title={Difference formulas for the surface Laplacian on a triangulated surface},
	author={Huiskamp, Geertjan},
	journal={Journal of computational physics},
	volume={95},
	number={2},
	pages={477--496},
	year={1991},
	publisher={Elsevier}
}

@article{gavete2003improvements,
	title={Improvements of generalized finite difference method and comparison with other meshless method},
	author={Gavete, L and Gavete, ML and Benito, JJ1046},
	journal={Applied Mathematical Modelling},
	volume={27},
	number={10},
	pages={831--847},
	year={2003},
	publisher={Elsevier}
}

@article{afanasiev2019modular,
	title={Modular and flexible spectral-element waveform modelling in two and three dimensions},
	author={Afanasiev, Michael and Boehm, Christian and van Driel, Martin and Krischer, Lion and Rietmann, Max and May, Dave A and Knepley, Matthew G and Fichtner, Andreas},
	journal={Geophysical Journal International},
	volume={216},
	number={3},
	pages={1675--1692},
	year={2019},
	publisher={Oxford University Press}
}

@article{shaiban2022wavefield,
	title={Wavefield reconstruction and wave equation inversion for seismic surface waves},
	author={Shaiban, Ali and De Ridder, SAL and Curtis, Andrew},
	journal={Geophysical Journal International},
	volume={229},
	number={3},
	pages={1870--1880},
	year={2022},
	publisher={Oxford University Press}
}

@article{edme2016local,
	title={Local dispersion curve estimation from seismic ambient noise using spatial gradients},
	author={Edme, Pascal and Yuan, Shihao},
	journal={Interpretation},
	volume={4},
	number={3},
	pages={SJ17--SJ27},
	year={2016},
	publisher={Society of Exploration Geophysicists and American Association of Petroleum~…}
}

@article{maeda2016reconstruction,
	title={Reconstruction of a 2D seismic wavefield by seismic gradiometry},
	author={Maeda, Takuto and Nishida, Kiwamu and Takagi, Ryota and Obara, Kazushige},
	journal={Progress in Earth and Planetary Science},
	volume={3},
	number={1},
	pages={1--17},
	year={2016},
	publisher={SpringerOpen}
}

@article{shapiro2000energy,
	title={The energy partitioning and the diffusive character of the seismic coda},
	author={Shapiro, NM and Campillo, M and Margerin, L and Singh, SK and Kostoglodov, V and Pacheco, J},
	journal={Bulletin of the Seismological Society of America},
	volume={90},
	number={3},
	pages={655--665},
	year={2000},
	publisher={Seismological Society of America}
}

@article{langstonliang,
	author = {Langston, Charles A. and Liang, Chuntao},
	title = {Gradiometry for polarized seismic waves},
	journal = {Journal of Geophysical Research: Solid Earth},
	volume = {113},
	number = {B8},
	pages = {},
	keywords = {gradiometry, strain, arrays},
	doi = {https://doi.org/10.1029/2007JB005486},
	url = {https://agupubs.onlinelibrary.wiley.com/doi/abs/10.1029/2007JB005486},
	eprint = {https://agupubs.onlinelibrary.wiley.com/doi/pdf/10.1029/2007JB005486},
	abstract = {Wave gradiometry for a generic point source wave model in cylindrical coordinates is developed to utilize the horizontal components of seismic wavefields. Attributes of P-SV and SH waves such as horizontal slowness and its change, the change in geometrical spreading, the change in radiation pattern, azimuth of propagation, and wave polarization can be determined by measuring the horizontal strains and rotations of the wavefield along with three components of displacement. Gradiometer cells composed of an array of three-component seismographs can be used to provide estimates of the wave gradients. Alternatively, a single three-component seismograph collocated with an areal strainmeter (for P-SV waves) or a rotation sensor (for SH waves) can be used to estimate wave polarization and the slowness/amplitude behavior of one aspect of the wavefield. Wave gradients are computed for the 1 April 2007 Solomon Island earthquake using data from the ANZA Seismic Network in southern California and show excellent consistency among stations of the network. Azimuth and slowness of various long-period teleseismic waves are recovered using gradiometry analysis. The consistency of strains computed from the broadband array suggests that they may be used to calibrate Plate Boundary Observatory tensor strainmeters in the region.},
	year = {2008}
}

@article{liang2009wave,
	title={Wave gradiometry for USArray: Rayleigh waves},
	author={Liang, Chuntao and Langston, Charles A},
	journal={Journal of Geophysical Research: Solid Earth},
	volume={114},
	number={B2},
	year={2009},
	publisher={Wiley Online Library}
}

@article{poppeliers2013three,
	title={Three-dimensional seismic-wave gradiometry for scalar waves},
	author={Poppeliers, Christian and Puno{\v{s}}evac, Predrag and Bell, Tammy},
	journal={Bulletin of the Seismological Society of America},
	volume={103},
	number={4},
	pages={2151--2160},
	year={2013},
	publisher={Seismological Society of America}
}

@article{rost2002array,
	title={Array seismology: Methods and applications},
	author={Rost, Sebastian and Thomas, Christine},
	journal={Reviews of geophysics},
	volume={40},
	number={3},
	pages={2--1},
	year={2002},
	publisher={Wiley Online Library}
}

@article{bensen2007processing,
	title={Processing seismic ambient noise data to obtain reliable broad-band surface wave dispersion measurements},
	author={Bensen, GD and Ritzwoller, MH and Barmin, MP and Levshin, A Lin and Lin, Feifan and Moschetti, MP and Shapiro, NM and Yang, Yanyan},
	journal={Geophysical journal international},
	volume={169},
	number={3},
	pages={1239--1260},
	year={2007},
	publisher={Blackwell Publishing Ltd Oxford, UK}
}

@article{shapiro2000energy,
	title={The energy partitioning and the diffusive character of the seismic coda},
	author={Shapiro, NM and Campillo, M and Margerin, L and Singh, SK and Kostoglodov, V and Pacheco, J},
	journal={Bulletin of the Seismological Society of America},
	volume={90},
	number={3},
	pages={655--665},
	year={2000},
	publisher={Seismological Society of America}
}

@article{fernandes2022high,
	title={HIGH-RESOLUTION topography from planetary images and laser altimetry},
	author={Fernandes, Iris and Mosegaard, Klaus},
	journal={Planetary and Space Science},
	pages={105514},
	year={2022},
	publisher={Elsevier}
}

@article{cance2015validity,
	title={Validity of the acoustic approximation for elastic waves in heterogeneous mediaAcoustic approximation of elastic waves},
	author={Cance, Philippe and Capdeville, Yann},
	journal={Geophysics},
	volume={80},
	number={4},
	pages={T161--T173},
	year={2015},
	publisher={GeoScienceWorld}
}

@book{kaufman2000acoustic,
	title={Acoustic and elastic wave fields in geophysics},
	author={Kaufman, Alexander A and Levshin, Anatoli L and Larner, Kenneth L},
	volume={2},
	year={2000},
	chapter={4},
	publisher={Gulf Professional Publishing}
}

@article{nolet1977upper,
	title={The upper mantle under western Europe inferred from the dispersion of Rayleigh modes},
	author={Nolet, Guust and others},
	journal={Journal of Geophysics},
	volume={43},
	number={1},
	pages={265--285},
	year={1977}
}

@article{blom2017synthetic,
	title={Synthetic inversions for density using seismic and gravity data},
	author={Blom, Nienke and Boehm, Christian and Fichtner, Andreas},
	journal={Geophysical Journal International},
	volume={209},
	number={2},
	pages={1204--1220},
	year={2017},
	publisher={Oxford University Press}
}

@article{lin2012local,
	title={The local amplification of surface waves: A new observable to constrain elastic velocities, density, and anelastic attenuation},
	author={Lin, Fan-Chi and Tsai, Victor C and Ritzwoller, Michael H},
	journal={Journal of Geophysical Research: Solid Earth},
	volume={117},
	number={B6},
	year={2012},
	publisher={Wiley Online Library}
}

@article{muyzert2000alternative,
	title={An alternative parameterisation for surface waves in a transverse isotropic medium},
	author={Muyzert, Everhard and Snieder, Roel},
	journal={Physics of the Earth and Planetary Interiors},
	volume={118},
	number={1-2},
	pages={125--133},
	year={2000},
	publisher={Elsevier}
}

@article{tanimoto1991waveform,
	title={Waveform inversion for three-dimensional density and S wave structure},
	author={Tanimoto, Toshiro},
	journal={Journal of Geophysical Research: Solid Earth},
	volume={96},
	number={B5},
	pages={8167--8189},
	year={1991},
	publisher={Wiley Online Library}
}

@article{blom2020seismic,
	title={Seismic waveform tomography of the central and eastern Mediterranean upper mantle},
	author={Blom, Nienke and Gokhberg, Alexey and Fichtner, Andreas},
	journal={Solid Earth},
	volume={11},
	number={2},
	pages={669--690},
	year={2020},
	publisher={Copernicus GmbH}
}

@article{robertsson2002wavefield,
	title={Wavefield separation using densely deployed three-component single-sensor groups in land surface-seismic recordings},
	author={Robertsson, Johan OA and Curtis, Andrew},
	journal={Geophysics},
	volume={67},
	number={5},
	pages={1624--1633},
	year={2002},
	publisher={Society of Exploration Geophysicists}
}

@article{operto_miniussi,
	author = {Operto, S and Miniussi, A},
	title = "{On the role of density and attenuation in three-dimensional multiparameter viscoacoustic VTI frequency-domain FWI: an OBC case study from the North Sea}",
	journal = {Geophysical Journal International},
	volume = {213},
	number = {3},
	pages = {2037-2059},
	year = {2018},
	month = {03},
	doi = {10.1093/gji/ggy103},
	url = {https://doi.org/10.1093/gji/ggy103},
	eprint = {https://academic.oup.com/gji/article-pdf/213/3/2037/27718271/ggy103.pdf},
}

@article{prieux_virieux,
	author = {Prieux, Vincent and Brossier, Romain and Operto, Stéphane and Virieux, Jean},
	title = "{Multiparameter full waveform inversion of multicomponent ocean-bottom-cable data from the Valhall field. Part 1: imaging compressional wave speed, density and attenuation}",
	journal = {Geophysical Journal International},
	volume = {194},
	number = {3},
	pages = {1640-1664},
	year = {2013},
	month = {05},
	doi = {10.1093/gji/ggt177},
	url = {https://doi.org/10.1093/gji/ggt177},
	eprint = {https://academic.oup.com/gji/article-pdf/194/3/1640/6000282/ggt177.pdf},
}

@article{wielandt2,
	author = {Friederich, Wolfgang and Hunzinger, Stefanie and Wielandt, Erhard},
	title = "{A note on the interpretation of seismic surface waves over three - dimensional structures}",
	journal = {Geophysical Journal International},
	volume = {143},
	number = {2},
	pages = {335-339},
	year = {2000},
	month = {11},
	doi = {10.1046/j.1365-246X.2000.01241.x},
	url = {https://doi.org/10.1046/j.1365-246X.2000.01241.x},
	eprint = {https://academic.oup.com/gji/article-pdf/143/2/335/2063905/143-2-335.pdf},
}

@article{wielandt1,
	author = {Wielandt, E.},
	title = "{Propagation and Structural Interpretation of Non-Plane Waves}",
	journal = {Geophysical Journal International},
	volume = {113},
	number = {1},
	pages = {45-53},
	year = {1993},
	month = {04},
	doi = {10.1111/j.1365-246X.1993.tb02527.x},
	url = {https://doi.org/10.1111/j.1365-246X.1993.tb02527.x},
	eprint = {https://academic.oup.com/gji/article-pdf/113/1/45/2181904/113-1-45.pdf},
}

@article{obermann2015potential,
	title={Potential of ambient seismic noise techniques to monitor the St. Gallen geothermal site (Switzerland)},
	author={Obermann, Anne and Kraft, Toni and Larose, Eric and Wiemer, Stefan},
	journal={Journal of Geophysical Research: Solid Earth},
	volume={120},
	number={6},
	pages={4301--4316},
	year={2015},
	publisher={Wiley Online Library}
}

@article{oakley2021seismic,
	title={Seismic ambient noise analyses reveal changing temperature and water signals to 10s of meters depth in the critical zone},
	author={Oakley, David OS and Forsythe, Brandon and Gu, Xin and Nyblade, Andrew A and Brantley, Susan L},
	journal={Journal of Geophysical Research: Earth Surface},
	volume={126},
	number={2},
	pages={e2020JF005823},
	year={2021},
	publisher={Wiley Online Library}
}

@article{de2017seismic,
	title={Seismic gradiometry using ambient seismic noise in an anisotropic Earth},
	author={De Ridder, SAL and Curtis, Andrew},
	journal={Geophysical Journal International},
	volume={209},
	number={2},
	pages={1168--1179},
	year={2017},
	publisher={Oxford University Press}
}

@book{aki2002quantitative,
	title={Quantitative seismology},
	author={Aki, Keiiti and Richards, Paul G},
	year={2002}
}

@article{plonka2016imprint,
	title={The imprint of crustal density heterogeneities on regional seismic wave propagation},
	author={P{\l}onka, Agnieszka and Blom, Nienke and Fichtner, Andreas},
	journal={Solid Earth},
	volume={7},
	number={6},
	pages={1591--1608},
	year={2016},
	publisher={Copernicus GmbH}
}

@article{jeong2012full,
	title={Full waveform inversion strategy for density in the frequency domain},
	author={Jeong, Woodon and Lee, Ho-Yong and Min, Dong-Joo},
	journal={Geophysical Journal International},
	volume={188},
	number={3},
	pages={1221--1242},
	year={2012},
	publisher={Blackwell Publishing Ltd Oxford, UK}
}


@article{prieux2013multiparameter,
	title={Multiparameter full waveform inversion of multicomponent ocean-bottom-cable data from the Valhall field. Part 1: Imaging compressional wave speed, density and attenuation},
	author={Prieux, Vincent and Brossier, Romain and Operto, St{\'e}phane and Virieux, Jean},
	journal={Geophysical Journal International},
	volume={194},
	number={3},
	pages={1640--1664},
	year={2013},
	publisher={Oxford University Press}
}

@article{kohn2012influence,
	title={On the influence of model parametrization in elastic full waveform tomography},
	author={K{\"o}hn, Daniel and De Nil, D and Kurzmann, A and Przebindowska, A and Bohlen, T},
	journal={Geophysical Journal International},
	volume={191},
	number={1},
	pages={325--345},
	year={2012},
	publisher={Blackwell Publishing Ltd Oxford, UK}
}

@article{qiao2019development,
	title={Development of pedotransfer functions for predicting the bulk density in the critical zone on the Loess Plateau, China},
	author={Qiao, Jiangbo and Zhu, Yuanjun and Jia, Xiaoxu and Huang, Laiming and Shao, Ming{\'}an},
	journal={Journal of soils and sediments},
	volume={19},
	pages={366--372},
	year={2019},
	publisher={Springer}
}

@article{suuster2011soil,
	title={Soil bulk density pedotransfer functions of the humus horizon in arable soils},
	author={Suuster, Elsa and Ritz, Christian and Roostalu, Hugo and Reintam, Endla and K{\~o}lli, Raimo and Astover, Alar},
	journal={Geoderma},
	volume={163},
	number={1-2},
	pages={74--82},
	year={2011},
	publisher={Elsevier}
}

@article{dexter2004soil,
	title={Soil physical quality: Part I. Theory, effects of soil texture, density, and organic matter, and effects on root growth},
	author={Dexter, AR},
	journal={Geoderma},
	volume={120},
	number={3-4},
	pages={201--214},
	year={2004},
	publisher={Elsevier}
}

@article{huang2011soil,
	title={Soil shrinkage and hydrostructural characteristics of three swelling soils in Shaanxi, China},
	author={Huang, Chuanqin and Shao, Mingan and Tan, Wenfeng},
	journal={Journal of Soils and Sediments},
	volume={11},
	pages={474--481},
	year={2011},
	publisher={Springer}
}

@article{nanko2014pedotransfer,
	title={A pedotransfer function for estimating bulk density of forest soil in Japan affected by volcanic ash},
	author={Nanko, Kazuki and Ugawa, Shin and Hashimoto, Shoji and Imaya, Akihiro and Kobayashi, Masahiro and Sakai, Hisao and Ishizuka, Shigehiro and Miura, Satoru and Tanaka, Nagaharu and Takahashi, Masamichi and others},
	journal={Geoderma},
	volume={213},
	pages={36--45},
	year={2014},
	publisher={Elsevier}
}


@article{luo2018velocity,
	title={Velocity and density reconstruction based on scattering angle separation},
	author={Luo, Jingrui and Wu, Ru-Shan},
	journal={Pure and Applied Geophysics},
	volume={175},
	pages={4371--4387},
	year={2018},
	publisher={Springer}
}

@article{woodhouse2010theory,
	title={Theory and observations--Earth's free oscillations},
	author={Woodhouse, JH and Deuss, A and Schubert, G},
	journal={Seismology and Structure of the Earth: Treatise on Geophysics},
	volume={1},
	pages={31},
	year={2010},
	publisher={Elsevier}
}

@article{holbrook2014geophysical,
	title={Geophysical constraints on deep weathering and water storage potential in the Southern Sierra Critical Zone Observatory},
	author={Holbrook, W Steven and Riebe, Clifford S and Elwaseif, Mehrez and L. Hayes, Jorden and Basler-Reeder, Kyle and L. Harry, Dennis and Malazian, Armen and Dosseto, Anthony and C. Hartsough, Peter and W. Hopmans, Jan},
	journal={Earth Surface Processes and Landforms},
	volume={39},
	number={3},
	pages={366--380},
	year={2014},
	publisher={Wiley Online Library}
}

@article{resovsky2003using,
	title={Using probabilistic seismic tomography to test mantle velocity--density relationships},
	author={Resovsky, Joseph and Trampert, Jeannot},
	journal={Earth and Planetary Science Letters},
	volume={215},
	number={1-2},
	pages={121--134},
	year={2003},
	publisher={Elsevier}
}

@article{pan2018interparameter,
	title={Interparameter trade-off quantification and reduction in isotropic-elastic full-waveform inversion: Synthetic experiments and Hussar land data set application},
	author={Pan, Wenyong and Geng, Yu and Innanen, Kristopher A},
	journal={Geophysical Journal International},
	volume={213},
	number={2},
	pages={1305--1333},
	year={2018},
	publisher={Oxford University Press}
}

@article{tarantola1984inversion,
	title={Inversion of seismic reflection data in the acoustic approximation},
	author={Tarantola, Albert},
	journal={Geophysics},
	volume={49},
	number={8},
	pages={1259--1266},
	year={1984},
	publisher={Society of Exploration Geophysicists}
}

@article{tarantola1986strategy,
	title={A strategy for nonlinear elastic inversion of seismic reflection data},
	author={Tarantola, Albert},
	journal={Geophysics},
	volume={51},
	number={10},
	pages={1893--1903},
	year={1986},
	publisher={Society of Exploration Geophysicists}
}

@article{resovsky1999regularization,
	title={Regularization uncertainty in density models estimated from normal mode data},
	author={Resovsky, Joseph S and Ritzwoller, Michael H},
	journal={Geophysical research letters},
	volume={26},
	number={15},
	pages={2319--2322},
	year={1999},
	publisher={Wiley Online Library}
}

@book{sheriff1995exploration,
	title={Exploration seismology},
	author={Sheriff, Robert E and Geldart, Lloyd P},
	year={1995},
	publisher={Cambridge university press}
}

@article{boddice2019quantifying,
	title={Quantifying the effects of near surface density variation on quantum technology gravity and gravity gradient instruments},
	author={Boddice, Daniel and Metje, Nicole and Tuckwell, George},
	journal={Journal of Applied Geophysics},
	volume={164},
	pages={160--178},
	year={2019},
	publisher={Elsevier}
}


@article{mankhemthong2012practical,
	title={Practical Estimation of Near-surface Bulk Density Variations Across the Border Ranges Fault System, Central Kenai Peninsula, Alaska},
	author={Mankhemthong, Niti and Doser, Diane I and Baker, Mark R},
	journal={Journal of Environmental and Engineering Geophysics},
	volume={17},
	number={3},
	pages={151--158},
	year={2012},
	publisher={Environmental and Engineering Geophysics}
}

@incollection{FANCHI2010109,
	title = {7 - Well Logging},
	editor = {John R. Fanchi},
	booktitle = {Integrated Reservoir Asset Management},
	publisher = {Gulf Professional Publishing},
	address = {Boston},
	pages = {109-124},
	year = {2010},
	isbn = {978-0-12-382088-4},
	doi = {https://doi.org/10.1016/B978-0-12-382088-4.00007-4},
	url = {https://www.sciencedirect.com/science/article/pii/B9780123820884000074},
	author = {John R. Fanchi}
}

@article{wu_scatter,
	author = {Wu, R. and Aki, Keiiti},
	title = {Scattering characteristics of elastic waves by an elastic heterogeneity},
	journal = {Geophysics},
	volume = {50},
	number = {4},
	pages = {582-595},
	year = {1985},
	month = {04},
	issn = {0016-8033},
	doi = {10.1190/1.1441934},
	url = {https://doi.org/10.1190/1.1441934}
}

@article{bergmann1946wave,
	title={The wave equation in a medium with a variable index of refraction},
	author={Bergmann, Peter G},
	journal={The Journal of the Acoustical Society of America},
	volume={17},
	number={4},
	pages={329--333},
	year={1946},
	publisher={Acoustical Society of America}
}

@article{flinchum2022p,
	title={What Do P-Wave Velocities Tell Us About the Critical Zone?},
	author={Flinchum, Brady A and Holbrook, W Steven and Carr, Bradley J},
	journal={Frontiers in Water},
	volume={3},
	pages={772185},
	year={2022},
	publisher={Frontiers Media SA}
}

@article{nabighian2005historical,
	title={Historical development of the gravity method in explorationHistorical Development of Gravity Method},
	author={Nabighian, Misac N and Ander, ME and Grauch, VJS and Hansen, RO and LaFehr, TR and Li, Y and Pearson, WC and Peirce, JW and Phillips, JD and Ruder, ME},
	journal={Geophysics},
	volume={70},
	number={6},
	pages={63ND--89ND},
	year={2005},
	publisher={GeoScienceWorld}
}

@article{boddice2022microgravity,
	title={Microgravity surveying before, during and after distant large earthquakes},
	author={Boddice, Daniel and Metje, Nicole and Tuckwell, George},
	journal={Journal of Applied Geophysics},
	volume={197},
	pages={104542},
	year={2022},
	publisher={Elsevier}
}

@article{tuckwell2008use,
	title={The use of microgravity to detect small distributed voids and low-density ground},
	author={Tuckwell, George and Grossey, T and Owen, S and Stearns, P},
	journal={Quarterly Journal of Engineering Geology and Hydrogeology},
	volume={41},
	number={3},
	pages={371--380},
	year={2008},
	publisher={Geological Society of London}
}

@article{piccolroaz2015use,
	title={On the use of spatially distributed, time-lapse microgravity surveys to inform hydrological modeling},
	author={Piccolroaz, Sebastiano and Majone, Bruno and Palmieri, Francesco and Cassiani, Giorgio and Bellin, Alberto},
	journal={Water Resources Research},
	volume={51},
	number={9},
	pages={7270--7288},
	year={2015},
	publisher={Wiley Online Library}
}

@article{boddice2019quantifying,
	title={Quantifying the effects of near surface density variation on quantum technology gravity and gravity gradient instruments},
	author={Boddice, Daniel and Metje, Nicole and Tuckwell, George},
	journal={Journal of Applied Geophysics},
	volume={164},
	pages={160--178},
	year={2019},
	publisher={Elsevier}
}

@article{brimhall1992deformational,
	title={Deformational mass transport and invasive processes in soil evolution},
	author={Brimhall, George H and Chadwick, Oliver A and Lewis, Chris J and Compston, William and Williams, Ian S and Danti, Kathy J and Dietrich, William E and Power, Mary E and Hendricks, David and Bratt, James},
	journal={Science},
	volume={255},
	number={5045},
	pages={695--702},
	year={1992},
	publisher={American Association for the Advancement of Science}
}

@article{riebe2017controls,
	title={Controls on deep critical zone architecture: A historical review and four testable hypotheses},
	author={Riebe, Clifford S and Hahm, W Jesse and Brantley, Susan L},
	journal={Earth Surface Processes and Landforms},
	volume={42},
	number={1},
	pages={128--156},
	year={2017},
	publisher={Wiley Online Library}
}

@article{anderson2007physical,
	title={Physical and chemical controls on the critical zone},
	author={Anderson, Suzanne Prestrud and von Blanckenburg, Friedhelm and White, Arthur F},
	journal={Elements},
	volume={3},
	number={5},
	pages={315--319},
	year={2007},
	publisher={GeoScienceWorld}
}

@article{holbrook2019links,
	title={Links between physical and chemical weathering inferred from a 65-m-deep borehole through Earth's critical zone},
	author={Holbrook, W Steven and Marcon, Virginia and Bacon, Allan R and Brantley, Susan L and Carr, Bradley J and Flinchum, Brady A and Richter, Daniel D and Riebe, Clifford S},
	journal={Scientific Reports},
	volume={9},
	number={1},
	pages={4495},
	year={2019},
	publisher={Nature Publishing Group UK London}
}

@article{nielson2021effect,
	title={The Effect of Aspect and Elevation on Critical Zone Architecture in the Reynolds Creek Critical Zone Observatory: A Seismic Refraction Study},
	author={Nielson, Travis and Bradford, John and Holbrook, W Steven and Seyfried, Mark},
	journal={Frontiers in Water},
	volume={3},
	pages={670524},
	year={2021},
	publisher={Frontiers Media SA}
}

@article{befus2011seismic,
	title={Seismic Constraints on Critical Zone Architecture, Boulder Creek Watershed},
	author={Befus, KM and Sheehan, AF and Leopold, Matthias and Anderson, SP and Anderson, RS},
	journal={Vadose Zone Journal},
	volume={10},
	number={3},
	pages={915--927},
	year={2011},
	publisher={GeoScienceWorld}
}

@article{handoyo2022geophysical,
	title={Geophysical Imaging of the Critical Zone along the Eastern Betic Shear Zone (EBSZ), SE Iberian Peninsula},
	author={Handoyo, Handoyo and Alcalde, Juan and DeFelipe, Irene and Palomeras, Imma and Mart{\'i}n-Banda, Raquel and Garc{\'i}a-Mayordomo, Juli{\'a}n and Mart{\'i}, David and Mart{\'i}nez-D{\'i}az, Jos{\'e} J and Insua-Ar{\'e}valo, Juan Miguel and Teixid{\'o}, Teresa and others},
	journal={Applied Sciences},
	volume={12},
	number={7},
	pages={3398},
	year={2022},
	publisher={MDPI}
}

@article{trichandi2022combined,
	title={Combined seismic and borehole investigation of the deep granite weathering structure—Santa Gracia Reserve case in Chile},
	author={Trichandi, Rahmantara and Bauer, Klaus and Ryberg, Trond and Scherler, Dirk and Bataille, Klaus and Krawczyk, Charlotte M},
	journal={Earth Surface Processes and Landforms},
	volume={47},
	number={14},
	pages={3302--3316},
	year={2022},
	publisher={Wiley Online Library}
}

@article{gardner1974formation,
	title={Formation velocity and density—The diagnostic basics for stratigraphic traps},
	author={Gardner, GHF and Gardner, LW and Gregory, ARw},
	journal={Geophysics},
	volume={39},
	number={6},
	pages={770--780},
	year={1974},
	publisher={Society of Exploration Geophysicists}
}

@article{yuan2015multiscale,
	title={Multiscale adjoint waveform tomography for surface and body waves},
	author={Yuan, Yanhua O and Simons, Frederik J and Bozda{\u{g}}, Ebru},
	journal={Geophysics},
	volume={80},
	number={5},
	pages={R281--R302},
	year={2015},
	publisher={Society of Exploration Geophysicists}
}

@article{takeuchi1972seismic,
	title={Seismic surface waves},
	author={Takeuchi, H and Saito, M},
	journal={Methods in computational physics},
	volume={11},
	pages={217--295},
	year={1972},
	publisher={Academic Press New York}
}

@article{karato2001origin,
	title={Origin of lateral variation of seismic wave velocities and density in the deep mantle},
	author={Karato, Shun-ichiro and Karki, Bijaya B},
	journal={Journal of Geophysical Research: Solid Earth},
	volume={106},
	number={B10},
	pages={21771--21783},
	year={2001},
	publisher={Wiley Online Library}
}

@article{trampert2004probabilistic,
	title={Probabilistic tomography maps chemical heterogeneities throughout the lower mantle},
	author={Trampert, Jeannot and Deschamps, Fr{\'e}d{\'e}ric and Resovsky, Joseph and Yuen, Dave},
	journal={Science},
	volume={306},
	number={5697},
	pages={853--856},
	year={2004},
	publisher={American Association for the Advancement of Science}
}

@article{mosca2012seismic,
	title={Seismic and mineralogical structures of the lower mantle from probabilistic tomography},
	author={Mosca, I and Cobden, L and Deuss, A and Ritsema, J and Trampert, J},
	journal={Journal of Geophysical Research: Solid Earth},
	volume={117},
	number={B6},
	year={2012},
	publisher={Wiley Online Library}
}

@article{virieux2009overview,
	title={An overview of full-waveform inversion in exploration geophysics},
	author={Virieux, Jean and Operto, St{\'e}phane},
	journal={Geophysics},
	volume={74},
	number={6},
	pages={WCC1--WCC26},
	year={2009},
	publisher={Society of Exploration Geophysicists}
}

@article{choi2008frequency,
	title={Frequency-domain elastic full waveform inversion using the new pseudo-Hessian matrix: Experience of elastic Marmousi-2 synthetic data},
	author={Choi, Yunseok and Min, Dong-Joo and Shin, Changsoo},
	journal={Bulletin of the Seismological Society of America},
	volume={98},
	number={5},
	pages={2402--2415},
	year={2008},
	publisher={Seismological Society of America}
}

@article{ivanov2016impact,
	title={Impact of density information on Rayleigh surface wave inversion results},
	author={Ivanov, Julian and Tsoflias, Georgios and Miller, Richard D and Peterie, Shelby and Morton, Sarah and Xia, Jianghai},
	journal={Journal of Applied Geophysics},
	volume={135},
	pages={43--54},
	year={2016},
	publisher={Elsevier}
}

@article{wu2020shear,
	title={Shear velocity inversion using multimodal dispersion curves from ambient seismic noise data of USArray transportable array},
	author={Wu, Gao-xiong and Pan, Lei and Wang, Jian-nan and Chen, Xiaofei},
	journal={Journal of Geophysical Research: Solid Earth},
	volume={125},
	number={1},
	pages={e2019JB018213},
	year={2020},
	publisher={Wiley Online Library}
}

@article{foti2018guidelines,
	title={Guidelines for the good practice of surface wave analysis: a product of the InterPACIFIC project},
	author={Foti, Sebastiano and Hollender, Fabrice and Garofalo, Flora and Albarello, Dario and Asten, Michael and Bard, Pierre-Yves and Comina, Cesare and Cornou, C{\'e}cile and Cox, Brady and Di Giulio, Giuseppe and others},
	journal={Bulletin of Earthquake Engineering},
	volume={16},
	pages={2367--2420},
	year={2018},
	publisher={Springer}
}

@article{pan2019sensitivity,
	title={Sensitivity analysis of dispersion curves of Rayleigh waves with fundamental and higher modes},
	author={Pan, Lei and Chen, Xiaofei and Wang, Jiannan and Yang, Zhentao and Zhang, Dazhou},
	journal={Geophysical Journal International},
	volume={216},
	number={2},
	pages={1276--1303},
	year={2019},
	publisher={Oxford University Press}
}

@article{schmelzbach2018advances,
	title={Advances in 6C seismology: Applications of combined translational and rotational motion measurements in global and exploration seismologyAdvances in 6C seismology},
	author={Schmelzbach, Cedric and Donner, Stefanie and Igel, Heiner and Sollberger, David and Taufiqurrahman, Taufiq and Bernauer, Felix and H{\"a}usler, Mauro and Van Renterghem, C{\'e}d{\'e}ric and Wassermann, Joachim and Robertsson, Johan},
	journal={Geophysics},
	volume={83},
	number={3},
	pages={WC53--WC69},
	year={2018},
	publisher={GeoScienceWorld}
}

@article{sollberger2020seismological,
	title={Seismological processing of six degree-of-freedom ground-motion data},
	author={Sollberger, David and Igel, Heiner and Schmelzbach, Cedric and Edme, Pascal and Van Manen, Dirk-Jan and Bernauer, Felix and Yuan, Shihao and Wassermann, Joachim and Schreiber, Ulrich and Robertsson, Johan OA},
	journal={Sensors},
	volume={20},
	number={23},
	pages={6904},
	year={2020},
	publisher={MDPI}
}

@article{herrman84computer,
	title={Computer programs in seismology: an evolving tool for instructijn and researcher.(2003) Seism},
	author={Herrman, RB},
	journal={Res. Let},
	volume={84},
	number={6},
	pages={1081--1088},
	year={2013}
}

@article{flinchum2018estimating,
	title={Estimating the water holding capacity of the critical zone using near-surface geophysics},
	author={Flinchum, Brady A and Holbrook, W Steven and Grana, Dario and Parsekian, Andrew D and Carr, Bradley J and Hayes, Jorden L and Jiao, Jianying},
	journal={Hydrological Processes},
	volume={32},
	number={22},
	pages={3308--3326},
	year={2018},
	publisher={Wiley Online Library}
}

@article{operto2013guided,
	title={A guided tour of multiparameter full-waveform inversion with multicomponent data: From theory to practice},
	author={Operto, St{\'e}phane and Gholami, Yaser and Prieux, Vincent and Ribodetti, Alessandra and Brossier, R and Metivier, L and Virieux, Jean},
	journal={The leading edge},
	volume={32},
	number={9},
	pages={1040--1054},
	year={2013},
	publisher={Society of Exploration Geophysicists}
}

@article{beller2018lithospheric,
	title={Lithospheric architecture of the South-Western Alps revealed by multiparameter teleseismic full-waveform inversion},
	author={Beller, S and Monteiller, V and Operto, S and Nolet, G and Paul, A and Zhao, L},
	journal={Geophysical Journal International},
	volume={212},
	number={2},
	pages={1369--1388},
	year={2018},
	publisher={Oxford University Press}
}

@article{james2019insights,
	title={Insights into permafrost and seasonal active-layer dynamics from ambient seismic noise monitoring},
	author={James, SR and Knox, HA and Abbott, RE and Panning, MP and Screaton, EJ},
	journal={Journal of Geophysical Research: Earth Surface},
	volume={124},
	number={7},
	pages={1798--1816},
	year={2019},
	publisher={Wiley Online Library}
}

@article{sollberger2023efficient,
	title={Efficient wave type fingerprinting and filtering by six-component polarization analysis},
	author={Sollberger, David and Bradley, Nicholas and Edme, Pascal and Robertsson, Johan OA},
	journal={Geophysical Journal International},
	volume={234},
	number={1},
	pages={25--39},
	year={2023},
	publisher={Oxford University Press}
}

@book{fichtner2010full,
	title={Full seismic waveform modelling and inversion},
	author={Fichtner, Andreas},
	year={2010},
	publisher={Springer Science \& Business Media}
}

@article{curtis2006seismic,
	title={Seismic interferometry—Turning noise into signal},
	author={Curtis, Andrew and Gerstoft, Peter and Sato, Haruo and Snieder, Roel and Wapenaar, Kees},
	journal={The Leading Edge},
	volume={25},
	number={9},
	pages={1082--1092},
	year={2006},
	publisher={Society of Exploration Geophysicists}
}

@article{colombero2015numerical,
	title={Numerical modelling of drop load tests},
	author={Colombero, R and Kontoe, S and Foti, S and Potts, DM},
	journal={Soil Dynamics and Earthquake Engineering},
	volume={77},
	pages={279--289},
	year={2015},
	publisher={Elsevier}
}

@article{lax1964difference,
	title={Difference schemes for hyperbolic equations with high order of accuracy},
	author={Lax, Peter D and Wendroff, Burton},
	journal={Communications on pure and applied mathematics},
	volume={17},
	number={3},
	pages={381--398},
	year={1964},
	publisher={Wiley Online Library}
}

@article{neitzel1958seismic,
	title={Seismic reflection records obtained by dropping a weight},
	author={Neitzel, Edwin B},
	journal={Geophysics},
	volume={23},
	number={1},
	pages={58--80},
	year={1958},
	publisher={Society of Exploration Geophysicists}
}

@article{chen2020green,
	title={Green's function for three-dimensional elastic wave equation with a moving point source on the free surface with applications},
	author={Chen, Jing-Bo and Cao, Jian},
	journal={Geophysical Prospecting},
	volume={68},
	number={4},
	pages={1281--1290},
	year={2020},
	publisher={European Association of Geoscientists \& Engineers}
}

@article{johnson1974green,
	title={Green's function for Lamb's problem},
	author={Johnson, Lane R},
	journal={Geophysical Journal International},
	volume={37},
	number={1},
	pages={99--131},
	year={1974},
	publisher={Blackwell Publishing Ltd Oxford, UK}
}

@article{mooney1974some,
	title={Some numerical solutions for Lamb's problem},
	author={Mooney, Harold M},
	journal={Bulletin of the Seismological Society of America},
	volume={64},
	number={2},
	pages={473--491},
	year={1974},
	publisher={The Seismological Society of America}
}

@article{pekeris1955seismic,
	title={The seismic surface pulse},
	author={Pekeris, CL},
	journal={Proceedings of the national academy of sciences},
	volume={41},
	number={7},
	pages={469--480},
	year={1955},
	publisher={National Acad Sciences}
}

@article{abe1990seismic,
	title={Seismic characteristics of the weight-dropping source},
	author={Abe, Susumu and Kobayashi, Yoshimasa and Ikawa, Takeshi},
	journal={Journal of Physics of the Earth},
	volume={38},
	number={3},
	pages={189--212},
	year={1990},
	publisher={The Seismological Society of Japan, The Volcanological Society of Japan, The~…}
}


@article{lamb1904propagation,
	title={I. On the propagation of tremors over the surface of an elastic solid},
	author={Lamb, Horace},
	journal={Philosophical Transactions of the Royal Society of London. Series A, Containing papers of a mathematical or physical character},
	volume={203},
	number={359-371},
	pages={1--42},
	year={1904},
	publisher={The Royal Society London}
}

@article{semblat2009waves,
	title={Waves and vibrations in soils},
	author={Semblat, JF and Pecker, A},
	journal={Earthquakes, traffic, shocks},
	volume={13},
	year={2009}
}

@article{madariaga2007seismic,
	title={Seismic source theory},
	author={Madariaga, Raul},
	journal={Earthquake seismology},
	volume={4},
	pages={59--82},
	year={2007}
}

@book{nakata2019seismic,
	title={Seismic ambient noise},
	author={Nakata, Nori and Gualtieri, Lucia and Fichtner, Andreas},
	year={2019},
	publisher={Cambridge University Press}
}

@article{liang2023review,
	title={A review of the wave gradiometry method for seismic imaging},
	author={Liang, Chuntao and Cao, Feihuang and Liu, Zhijin and Chang, Yingna},
	journal={Earthquake Science},
	volume={36},
	number={3},
	pages={254--281},
	year={2023},
	publisher={Earthquake Science}
}

@article{vantassel2022using,
	title={Using convolutional neural networks to develop starting models for near-surface 2-D full waveform inversion},
	author={Vantassel, Joseph P and Kumar, Krishna and Cox, Brady R},
	journal={Geophysical Journal International},
	volume={231},
	number={1},
	pages={72--90},
	year={2022},
	publisher={Oxford University Press}
}

@article{robertsson1999wavefield,
	title={Wavefield separation using a volume distribution of three component recordings},
	author={Robertsson, Johan OA and Muyzert, Everhard},
	journal={Geophysical Research Letters},
	volume={26},
	number={18},
	pages={2821--2824},
	year={1999},
	publisher={Wiley Online Library}
}

@article{sollberger2023efficient,
	title={Efficient wave type fingerprinting and filtering by six-component polarization analysis},
	author={Sollberger, David and Bradley, Nicholas and Edme, Pascal and Robertsson, Johan OA},
	journal={Geophysical Journal International},
	volume={234},
	number={1},
	pages={25--39},
	year={2023},
	publisher={Oxford University Press}
}

@article{blanch1997modified,
	title={A modified Lax-Wendroff correction for wave propagation in media described by Zener elements},
	author={Blanch, JO and Robertsson, Johan OA},
	journal={Geophysical Journal International},
	volume={131},
	number={2},
	pages={381--386},
	year={1997},
	publisher={Blackwell Publishing Ltd Oxford, UK}
}

@article{lax1964difference,
	title={Difference schemes for hyperbolic equations with high order of accuracy},
	author={Lax, Peter D and Wendroff, Burton},
	journal={Communications on pure and applied mathematics},
	volume={17},
	number={3},
	pages={381--398},
	year={1964},
	publisher={Wiley Online Library}
}

@article{sollberger2023efficient,
	title={Efficient wave type fingerprinting and filtering by six-component polarization analysis},
	author={Sollberger, David and Bradley, Nicholas and Edme, Pascal and Robertsson, Johan OA},
	journal={Geophysical Journal International},
	volume={234},
	number={1},
	pages={25--39},
	year={2023},
	publisher={Oxford University Press}
}

@article{sollberger2016shallow,
	title={The shallow elastic structure of the lunar crust: New insights from seismic wavefield gradient analysis},
	author={Sollberger, David and Schmelzbach, Cedric and Robertsson, Johan OA and Greenhalgh, Stewart A and Nakamura, Yosio and Khan, Amir},
	journal={Geophysical Research Letters},
	volume={43},
	number={19},
	pages={10--078},
	year={2016},
	publisher={Wiley Online Library}
}

@article{van2018spatial,
	title={Spatial wavefield gradient-based seismic wavefield separation},
	author={Van Renterghem, C{\'e}d{\'e}ric and Schmelzbach, C{\'e}dric and Sollberger, David and Robertsson, J OA},
	journal={Geophysical Journal International},
	volume={212},
	number={3},
	pages={1588--1599},
	year={2018},
	publisher={Oxford University Press}
}

@article{liu2015wave,
	title={Wave gradiometry and its link with Helmholtz equation solutions applied to USArray in the eastern US},
	author={Liu, Yuanyuan and Holt, William E},
	journal={Journal of Geophysical Research: Solid Earth},
	volume={120},
	number={8},
	pages={5717--5746},
	year={2015},
	publisher={Wiley Online Library}
}

@article{miller1991relationship,
	title={The relationship between elastic-wave velocities and density in sedimentary rocks: A proposal},
	author={Miller, Susan LM and Stewart, Robert R},
	journal={Crewes Res. Rep},
	pages={260--273},
	year={1991}
}